@book{mathai1975basic,
  title={Basic concepts in information theory and statistics: axiomatic foundations and applications},
  author={Mathai, A.M. and Rathie, P.N.},
  lccn={75904899},
  series={A halsted press book},
  url={https://books.google.co.uk/books?id=sksPAQAAMAAJ},
  year={1975},
  publisher={Wiley}
}


@INPROCEEDINGS{6266165, 
author={M. S. Alvim and K. Chatzikokolakis and C. Palamidessi and G. Smith}, 
booktitle={2012 IEEE 25th Computer Security Foundations Symposium}, 
title={Measuring Information Leakage Using Generalized Gain Functions}, 
year={2012}, 
volume={}, 
number={}, 
pages={265-279}, 
keywords={entropy;probability;security of data;information leakage measurement;generalized gain functions;g-leakage;min-entropy model;quantitative information flow;secret property guessing;min-capacity;g-capacity;Shannon capacity;information lattice;deterministic channels;probabilistic channels;Entropy;Databases;Lattices;Probabilistic logic;Computer security;Gain measurement}, 
doi={10.1109/CSF.2012.26}, 
ISSN={1063-6900}, 
month={June},}

